%% LaTeX2e file `references.bib'
%% generated by the `filecontents' environment
%% from source `2-probability-statistics-project' on 2020/10/19.
%%
    @misc{
        ,
        author = {{}},
        title = {{}},
        year = {}
    }
    @article{
        ,
        author = {{}},
        journal = {},
        pages = {},
        title = {{}},
        volume = {},
        year = {}
    }
    @techreport{
        ,
        author = {{}},
        title = {{}},
        year = {},
        institution = {},
        number = {}
    }
